<?xml version="1.0" encoding="UTF-8"?><record xmlns="http://www.loc.gov/MARC21/slim" xmlns:cinclude="http://apache.org/cocoon/include/1.0" xmlns:zs="http://www.loc.gov/zing/srw/">
  <leader>00418nz  a2200133n  4500</leader>
  <controlfield tag="001">n  86067186 </controlfield>
  <controlfield tag="003">DLC</controlfield>
  <controlfield tag="005">19860804140920.5</controlfield>
  <controlfield tag="008">860718n| acannaab|          |n aaa |||  </controlfield>
  <datafield tag="010" ind1=" " ind2=" ">
    <subfield code="a">n  86067186 </subfield>
  </datafield>
  <datafield tag="040" ind1=" " ind2=" ">
    <subfield code="a">DLC</subfield>
    <subfield code="c">DLC</subfield>
    <subfield code="d">DLC</subfield>
  </datafield>
  <datafield tag="100" ind1="1" ind2="0">
    <subfield code="a">Campion, Le패o,</subfield>
    <subfield code="d">1905-</subfield>
  </datafield>
  <datafield tag="670" ind1=" " ind2=" ">
    <subfield code="a">His J'ai re패ussi ma vie, 1985:</subfield>
    <subfield code="b">t.p. (Le패o Campion) p. 13 (b. 3/24/1905 Montmartre)</subfield>
  </datafield>
  <datafield tag="670" ind1=" " ind2=" ">
    <subfield code="a">LC data base, 6/26/86</subfield>
    <subfield code="b">(hdg.: Campion, Le패o, 1905-)</subfield>
  </datafield>
</record>